@misc{FreekBy,
    author = "Freek Wiedijk",
    howpublished = "\url{https://www.cs.ru.nl/~freek/mizar/by.pdf}",
    title = "Checker",
    year = {2002},
}